@inproceedings{ganin15, 
   Publisher = {JMLR Workshop and Conference Proceedings}, 
   title="Unsupervised Domain Adaptation by Backpropagation", 
   Author={Ganin, Yaroslav and Lempitsky, Victor}, 
   year="2015", 
   Booktitle="Proceedings of the 32nd International Conference on Machine Learning (ICML-15)", 
   Editor={David Blei and Francis Bach}, 
   pages="1180-1189", 
   url="http://jmlr.org/proceedings/papers/v37/ganin15.pdf" 
   }
   
   @inproceedings{gong2012,
  title={Connecting the dots with landmarks: Discriminatively learning domain-invariant features for unsupervised domain adaptation},
  author={Gong, Boqing and Grauman, Kristen and Sha, Fei},
  booktitle={Proceedings of The 30th International Conference on Machine Learning},
  pages={222--230},
  year={2013}
}

@inproceedings{fernando13,
  title={Unsupervised visual domain adaptation using subspace alignment},
  author={Fernando, Basura and Habrard, Amaury and Sebban, Marc and Tuytelaars, Tinne},
  booktitle={Computer Vision (ICCV), 2013 IEEE International Conference on},
  pages={2960--2967},
  year={2013},
  organization={IEEE}
}

@inproceedings{chopra13,
  title={Dlid: Deep learning for domain adaptation by interpolating between domains},
  author={Chopra, Sumit and Balakrishnan, Suhrid and Gopalan, Raghuraman},
  booktitle={ICML workshop on challenges in representation learning},
  volume={2},
  pages={5},
  year={2013}
}

@article{tzeng14,
  title={Deep domain confusion: Maximizing for domain invariance},
  author={Tzeng, Eric and Hoffman, Judy and Zhang, Ning and Saenko, Kate and Darrell, Trevor},
  journal={arXiv preprint arXiv:1412.3474},
  year={2014}
}

@article{wang15,
  title={Learning Transferable Features with Deep Adaptation Networks},
  author={Long, Mingsheng and Wang, Jianmin},
  journal={arXiv preprint arXiv:1502.02791},
  year={2015}
}